@article{article,
author = {Nair, Dr},
year = {2017},
month = {12},
pages = {410-416},
title = {Analyzing Titanic Disaster using Machine Learning Algorithms},
volume = {Volume-2},
journal = {International Journal of Trend in Scientific Research and Development},
doi = {10.31142/ijtsrd7003}
}

@INPROCEEDINGS{8229835,  author={A. {Singh} and S. {Saraswat} and N. {Faujdar}},  
booktitle={2017 International Conference on Computing, Communication and Automation (ICCCA)},   
title={Analyzing Titanic disaster using machine learning algorithms},   year={2017},  
volume={}, 
number={},  
pages={406-411},}